@book{goodfellow2016deep,
  title={Deep Learning},
  author={Goodfellow, I. and Bengio, Y. and Courville, A.},
  isbn={9780262035613},
  lccn={2016022992},
  series={Adaptive Computation and Machine Learning Series},
  url={https://books.google.co.uk/books?id=Np9SDQAAQBAJ},
  year={2016},
  publisher={MIT Press}
}

@book{prince2012computer,
  title={Computer Vision: Models, Learning, and Inference},
  author={Prince, S.J.D.},
  isbn={9781107011793},
  lccn={2012008187},
  series={Computer Vision: Models, Learning, and Inference},
  url={https://books.google.co.uk/books?id=PmrICLzHutgC},
  year={2012},
  publisher={Cambridge University Press}
}


@article{kingma2014semisupervised,
   author = {{Kingma}, D.~P. and {Rezende}, D.~J. and {Mohamed}, S. and {Welling}, M.
	},
    title = "{Semi-Supervised Learning with Deep Generative Models}",
  journal = {ArXiv e-prints},
archivePrefix = "arXiv",
   eprint = {1406.5298},
 primaryClass = "cs.LG",
 keywords = {Computer Science - Learning, Statistics - Machine Learning},
     year = 2014,
    month = jun,
   adsurl = {http://adsabs.harvard.edu/abs/2014arXiv1406.5298K},
  adsnote = {Provided by the SAO/NASA Astrophysics Data System}
}


@article{ioffe2015batch,
  author    = {Sergey Ioffe and
               Christian Szegedy},
  title     = {Batch Normalization: Accelerating Deep Network Training by Reducing
               Internal Covariate Shift},
  journal   = {CoRR},
  volume    = {abs/1502.03167},
  year      = {2015},
  url       = {http://arxiv.org/abs/1502.03167},
  timestamp = {Wed, 07 Jun 2017 14:40:49 +0200},
  biburl    = {http://dblp.uni-trier.de/rec/bib/journals/corr/IoffeS15},
  bibsource = {dblp computer science bibliography, http://dblp.org}
}


@article{bengio2012representation,
  author    = {Yoshua Bengio and
               Aaron C. Courville and
               Pascal Vincent},
  title     = {Representation Learning: {A} Review and New
               Perspectives},
  journal   = {CoRR},
  volume    = {abs/1206.5538},
  year      = {2012},
  url       = {http://arxiv.org/abs/1206.5538},
  timestamp = {Wed, 07 Jun 2017 14:41:40 +0200},
  biburl    = {http://dblp.uni-trier.de/rec/bib/journals/corr/abs-1206-5538},
  bibsource = {dblp computer science bibliography, http://dblp.org}
}

@article{jaderberg2015spatial,
  author    = {Max Jaderberg and
               Karen Simonyan and
               Andrew Zisserman and
               Koray Kavukcuoglu},
  title     = {Spatial Transformer Networks},
  journal   = {CoRR},
  volume    = {abs/1506.02025},
  year      = {2015},
  url       = {http://arxiv.org/abs/1506.02025},
  timestamp = {Wed, 07 Jun 2017 14:42:58 +0200},
  biburl    = {http://dblp.uni-trier.de/rec/bib/journals/corr/JaderbergSZK15},
  bibsource = {dblp computer science bibliography, http://dblp.org}
}


@article{szegedy2014deeper,
  author    = {Christian Szegedy and
               Wei Liu and
               Yangqing Jia and
               Pierre Sermanet and
               Scott E. Reed and
               Dragomir Anguelov and
               Dumitru Erhan and
               Vincent Vanhoucke and
               Andrew Rabinovich},
  title     = {Going Deeper with Convolutions},
  journal   = {CoRR},
  volume    = {abs/1409.4842},
  year      = {2014},
  url       = {http://arxiv.org/abs/1409.4842},
  timestamp = {Wed, 07 Jun 2017 14:40:42 +0200},
  biburl    = {http://dblp.uni-trier.de/rec/bib/journals/corr/SzegedyLJSRAEVR14},
  bibsource = {dblp computer science bibliography, http://dblp.org}
}